@book{Rubin2012,
author = {Rubin, Kenneth S},
edition = {1st},
isbn = {0137043295, 9780137043293},
publisher = {Addison-Wesley Professional},
title = {{Essential Scrum: A Practical Guide to the Most Popular Agile Process}},
year = {2012}
}

@misc{MitsubishiRV8CRL,
  title = {{RV-8CRL Industrial Robot Overview | Mitsubishi Electric Americas}},
  howpublished = {\url{https://us.mitsubishielectric.com/fa/en/products/industrial-robots-melfa/vertical-type-robot/rv-cr-series/cr-series-overview/}},
  journal = {Mitsubishi Electric Americas},
  year = {2023}
}
