@misc{Lant2010,
author = {Lant, Michael},
booktitle = {Software Development, Agile Methods and the Intersection of People Process and Technology},
title = {{How To Make Your Project Not Suck by Using an Agile Project Charter}},
url = {http://michaellant.com/2010/05/18/how-to-make-your-project-not-suck/},
year = {2010}
}
@book{Rubin2012,
author = {Rubin, Kenneth S},
edition = {1st},
isbn = {0137043295, 9780137043293},
publisher = {Addison-Wesley Professional},
title = {{Essential Scrum: A Practical Guide to the Most Popular Agile Process}},
year = {2012}
}
@techreport{,
institution = {U.S. Department of Defense},
pages = {2--7},
title = {{DOD Sample Phase I Proposal}},
url = {http://www.acq.osd.mil/osbp/sbir/sb/resources/sample-proposals.shtml},
year = {2011}
}
@misc{robotsdonerightHistoryRobots,
	author = {Robots Done Right},
	title = {{H}istory of {A}{B}{B} {R}obots - {R}obots {D}one {R}ight --- robotsdoneright.com},
	howpublished = {\url{https://robotsdoneright.com/Articles/history-of-abb-robots.html}},
	year = {2023},
	note = {[Accessed 24-09-2023]},
}
@misc{bonev_delta_2001,
	title = {Delta {Parallel} {Robot} and the {Story} of {Success}},
	url = {http://robby.caltech.edu/~jwb/courses/ME115/handouts/DeltaRobotHistory.pdf},
	publisher = {ETS},
	author = {Bonev, Ilian},
	year = {2001},
}
@article{robotics2021product,
  title={Product specification IRB 120},
  author={Robotics, ABB},
  journal={Document ID: 3HAC05960-001 Revision: Q},
  year={2015}
}
@article{connolly2007new,
  title={A new integrated robot vision system from FANUC Robotics},
  author={Connolly, Christine},
  journal={Industrial Robot: An International Journal},
  volume={34},
  number={2},
  pages={103--106},
  year={2007},
  publisher={Emerald Group Publishing Limited}
}
@inproceedings{aggogeri2020robotic,
  title={Robotic System Reliability Analysis and RUL Estimation Using an Iterative Approach},
  author={Aggogeri, Francesco and Adamini, Riccardo and Aivaliotis, Panagiotis and Borboni, Alberto and Eytan, Amit and Merlo, Angelo and N{\'e}meth, Istv{\'a}n and Taesi, Claudio and Pellegrini, Nicola},
  booktitle={Advances in Service and Industrial Robotics: Proceedings of the 28th International Conference on Robotics in Alpe-Adria-Danube Region (RAAD 2019) 28},
  pages={134--143},
  year={2020},
  organization={Springer}
}
@article{muftooh20186,
  title={6-AXIS MEDIUM SIZE INDUSTRIAL ROBOTIC ARM FOR ADVANCE MANUFACTURING},
  author={Muftooh-ur-Rehma Siddiqi, Riaz Muhammad and Afrid, Rahdar Hussain and Afrid, Waqar Hussain and Azam, Wasim and Mehmood, Talal},
  year={2018}
}
@misc{nytimesRobotsArent,
	author = {Sisson, Patrick},
	title = {{R}obots {A}ren’t {D}one {R}eshaping {W}arehouses ({P}ublished 2022) --- nytimes.com},
	howpublished = {\url{https://www.nytimes.com/2022/07/12/business/warehouse-technology-robotics.html}},
	year = {2021},
	note = {[Accessed 24-09-2023]},
}
@misc{interactanalysisWillAmazons,
	author = {Stott, Rowan},
	title = {{H}ow {W}ill {A}mazons {U}-turn in {F}ulfillment {C}enter {E}xpansion {A}ffect the {W}arehouse {A}utomation {M}arket? - {I}nteract {A}nalysis --- interactanalysis.com},
	howpublished = {\url{https://interactanalysis.com/insight/how-will-amazons-u-turn-in-fulfillment-center-expansion-affect-the-warehouse-automation-market/}},
	year = {2021},
	note = {[Accessed 24-09-2023]},
}
@misc{dallasnewsBattleHumans,
	author = {The Washington Post},
	title = {{T}he battle of humans vs. robots reaches a ‘turning point’ --- dallasnews.com},
	howpublished = {\url{https://www.dallasnews.com/business/retail/2022/12/20/the-battle-of-humans-vs-robots-reaches-a-turning-point/}},
	year = {2022},
	note = {[Accessed 24-09-2023]},
}